@book{aiBk,
   author = {Lawrence Hunter}, 
   title = {Artificial Intelligence and Molecular Biology},
   publisher = {MIT Press},
   year = 1993,
   address = {AAAI Press, 445 Burgess Drive, Menlo Park, California 94025, USA},
   isbn = {0262581159}
}

@article{think1,
   title = {The Hidden History of the Maltese Genome},
   journal = {Think Magazine},
   volume = 16,
   pages = {19-25},
   month = 4, 
   year = 2016
}

@article{think2,
   title = {Blood, Genes, & You},
   journal = {Think Magazine},
   volume = 16,
   pages = {26-31},
   month = 4, 
   year = 2016
}

@article{think3,
   title = {Heartbreakers},
   journal = {Think Magazine},
   volume = 16, 
   pages = {32-37},
   month = 4, 
   year = 2016
}

@techreport{cgreads,
    author = {Donghyuk Lee and Farhad Hormozdiari and Hongyi Xin and Faraz Hach and Onur Mutlu and Can Alkan},
    title = {Fast and accurate mapping of Complete Genomics reads},
    publisher = {Elsevier Inc.},
    howpublished = {\url{https://users.ece.cmu.edu/~omutlu/pub/complete-genomics-mapper_methods14_proofs.pdf}},
    month = 10,
    year = 2014
}

@techreport{bwtransform,
    author = {Heng Li and Richard Durbin},
    title = {Fast and accurate short read alignment with Burrows–Wheeler transform},
    address = {Wellcome Trust Sanger Institute, Wellcome Trust Genome Campus, Cambridge, CB10 1SA, UK},
    howpublished = {\url{http://bioinformatics.oxfordjournals.org/content/25/14/1754.long}},
    month = 5,
    year = 2009
}

@book{introgenom,
   author = {Arthur M. Lesk}, 
   title = {Introduction to Genomics},
   publisher = {Oxford University Press},
   edition = 2,
   year = 2012,
   address = {Great Claredon Street, Oxford, OX2 6DP, UK},
   isbn = {9780199564354}
}

@techreport{omics,
    author = {Bonnie Berger and Jian Peng and Mona Singh},
    title = {Computational solutions for omics data},
    address = {USA},
    howpublished = {\url{https://www.ncbi.nlm.nih.gov/pmc/articles/PMC3966295/}},
    month = 3,
    year = 2014
}

@techreport{refcompression,
    author = {Markus Hsi-Yang Fritz and Rasko Leinonen and Guy Cochrane and Ewan Birney},
    title = {Efficient storage of high throughput DNA sequencing data using reference-based compression},
    publisher = {Cold Spring Harbor Laboratory Press},
    address = {United Kingdom},
    howpublished = {\url{http://genome.cshlp.org/content/21/5/734.full}},
    month = 1,
    year = 2011
}

@techreport{compression,
    author = {Xin Chen and Sam Kwong and Ming Li},
    title = {A Compression Algorithm for DNA Sequences and its Applications in Genome Comparison},
    publisher = {ACM},
    address = {New York, NY, USA},
    howpublished = {\url{http://www1.spms.ntu.edu.sg/~chenxin/paper/GIW99.pdf}},
    month = 4,
    year = 2000
}

@techreport{popgen,
    author = {Lin Huang and Victoria Popic and Serafim Batzoglou},
    title = {Short read alignment with populations of genomes},
    publisher = {Oxford University Press},
    howpublished = {\url{http://bioinformatics.oxfordjournals.org/content/29/13/i361.full}},
    year = 2013
}

@techreport{companalys,
    author = {Matthew Ruffalo and Thomas LaFramboise and Mehmet Koyutürk},
    title = {Comparative analysis of algorithms for next-generation sequencing read alignment},
    publisher = {Oxford University Press},
    howpublished = {\url{http://bioinformatics.oxfordjournals.org/content/27/20/2790.full}},
    month = 7,
    year = 2011
}

@techreport{popgen,
    author = {Jing Shang and Fei Zhu and Wanwipa Vongsangnak and Yifei Tang and Wenyu Zhang and and Bairong Shen},
    title = {Evaluation and Comparison of Multiple Aligners for Next-Generation Sequencing Data Analysis},
    publisher = {BioMed Research International},
    howpublished = {\url{https://www.hindawi.com/journals/bmri/2014/309650/}},
    month = 3,
    year = 20114
}

@book{introbio,
   author = {Arthur M. Lesk}, 
   title = {Introduction to Bioinformatics},
   publisher = {Oxford University Press},
   edition = 4,
   year = 2014,
   address = {Great Claredon Street, Oxford, OX2 6DP, UK},
   isbn = {9780198724674}
}

@book{bioinfo,
   author = {David W. Mount}, 
   title = {Bioinformatics: Sequence and Genome Analysis},
   publisher = {Cold Spring Harbor Laboratory Press},
   year = 2001,
   address = {Cold Spring Harbor Laboratory Press, Cold Spring Harbor, New York, USA},
   isbn = {0879696087}
}
